@article{ itp2013,
  author    = {Johannes H{\"o}lzl and Fabian Immler and Brian Huffman},
  title     = {Type Classes and Filters for Mathematical Analysis in {Isabelle/HOL}},
  booktitle = {Interactive Theorem Proving (ITP 2013)},
  editor    = {Blazy, Sandrine and Paulin-Mohring, Christine and Pichardie, David},
  year      = {2013},
  volume    = {7998},
  series    = {LNCS},
  publisher = {Springer},
  doi       = {10.1007/978-3-642-39634-2_21},
  isbn      = {978-3-642-39633-5},
  pages     = {279--294}
}

@phdthesis{ holcf11,
  author = {Brian Huffman},
  title = {HOLCF '11: A Definitional Domain Theory for Verifying Functional Programs},
  school = {Portland State University},
  year = {2012}
}

@inproceedings{ itp2010,
  author = {Brian Huffman and Christian Urban},
  title = {Proof Pearl: A New Foundation for Nominal Isabelle},
  booktitle = {Proc. 1st International Conference on Interactive Theorem Proving (ITP 2010)},
  series = {LNCS},
  volume = {6172},
  editor = {Matt Kaufmann and Lawrence C. Paulson},
  year = {2010},
  pages = {35--50},
  publisher = {Springer}
}

@inproceedings{ tphols09,
  author = {Brian Huffman},
  title = {A Purely Definitional Universal Domain},
  booktitle = {Proc. 22nd International Conference on Theorem Proving in Higher Order Logics (TPHOLs '09), LNCS 5674},
  editor = {Stefan Berghofer and Tobias Nipkow and Christian Urban and Makarius Wenzel},
  year = {2009},
  pages = {260--275},
  publisher = {Springer}
}

@inproceedings{ tphols08,
  author = {Brian Huffman},
  title = {Reasoning with Powerdomains in {Isabelle/HOLCF}},
  booktitle = {Theorem Proving in Higher-Order Logics (TPHOLs 2008): Emerging Trends},
  editor = {Otmane Ait Mohamed and C\'{e}sar Mu{\~{n}}oz and Sofi\`{e}ne Tahar},
  year = {2008},
  pages = {45--56},
  institution = {Concordia University},
}

@inproceedings{ tphols05,
  author = {Brian Huffman and John Matthews and Peter White},
  title = {Axiomatic constructor classes in {Isabelle/HOLCF}},
  booktitle = {Proc. 18th International Conference on Theorem Proving in Higher Order Logics (TPHOLs '05), LNCS 3603},
  editor = {Joe Hurd and Tom Melham},
  year = {2005},
  pages = {147--162},
  publisher = {Springer}
}

@incollection{ afp09,
  author =       {Brian Huffman},
  title =        {Stream Fusion},
  booktitle =    {The Archive of Formal Proofs},
  editor =       {Gerwin Klein and Tobias Nipkow and Lawrence Paulson},
  publisher =    {\url{http://afp.sf.net/entries/Stream-Fusion.shtml}},
  month =        Apr,
  year =         2009,
  note =         {Formal proof development},
  ISSN =         {2150-914x}
}

@incollection{ afp05,
  author =       {Brian Huffman},
  title =        {Countable Ordinals},
  booktitle =    {The Archive of Formal Proofs},
  editor =       {Gerwin Klein and Tobias Nipkow and Lawrence Paulson},
  publisher =    {\url{http://afp.sf.net/entries/Ordinal.shtml}},
  month =        Nov,
  year =         2005,
  note =         {Formal proof development},
  ISSN =         {2150-914x}
}

@inproceedings{ netca05,
  author =       {Brian Huffman},
  title =        {Transfer Principle Proof Tactic for Nonstandard Analysis},
  booktitle =    {Workshop on Verification and Theorem Proving for Continuous Systems (NetCA Workshop 2005)},
  editor =       {Max Kanovich and Graham White and Hanne Gottliebsen and Paulo Oliva},
  month =        Aug,
  year =         2005,
  pages =        {18--26},
  documenturl =  {\url{http://www.dcs.qmul.ac.uk/tech_reports/RR-05-06.pdf}},
  number =       {RR-05-06},
  institution =  {Department of Computer Science, Queen Mary, University of London, Mile End Road, London E1 4NS, UK}
}
