Chapter 1: Introduction

@article{Landin66,
  author = {Peter J. Landin},
  title = {The Next 700 Programming Languages},
  journal = {Communications of the {ACM}},
  volume = 9,
  number = 3,
  month = Mar,
  year = 1966,
  pages = {157--166}
}

@article{HaskellReport,
  author = {Peyton Jones, Simon},
  title = {Haskell 98 Language and Libraries: The Revised Report},
  journal = {Journal of Functional Programming},
  year = {2003},
  masid = {2372296}
}

@inproceedings{Hudak98,
  author = {Paul Hudak},
  title = {Modular Domain Specific Languages and Tools},
  booktitle = {Proceedings of the Fifth International Conference on Software Reuse},
  organization = {IEEE Computer Society},
  year = 1998,
  month = Jun,
  pages = {134-142}
} 

@inproceedings{Gordon2000,
  author = {Gordon, Mike},
  title = {From {LCF} to {HOL}: a short history},
  booktitle = {Proof, Language, and Interaction},
  year = {2000},
  isbn = {0-262-16188-5},
  pages = {169--185},
  url = {http://portal.acm.org/citation.cfm?id=345868.345890},
  acmid = {345890},
  publisher = {MIT Press},
  address = {Cambridge, MA, USA},
}

@article{Scott1993lcf,
  author = {Dana S. Scott},
  title = {A Type-Theoretical Alternative to {ISWIM}, {CUCH}, {OWHY}},
  journal = {Theoretical Computer Science},
  volume = {121},
  year = {1993},
  pages = {411--440}
}

Chapter 2: Basic HOLCF

@book{GMW79,
  author = {Michael J. Gordon and Arthur J. Milner and Christopher P. Wadsworth},
  title = {Edinburgh LCF: A Mechanised Logic of Computation},
  series = {LNCS},
  volume = {78},
  publisher = {Springer-Verlag},
  year = {1979}
}

@book{paulson87lcf,
  author = {Paulson, Lawrence C.},
  title = {Logic and Computation: Interactive Proof with Cambridge LCF},
  year = {1987},
  isbn = {0-521-34632-0},
  publisher = {Cambridge University Press},
  address = {New York, NY, USA},
}

@inproceedings{paulson84,
  author = {Paulson, Lawrence},
  title = {Deriving structural induction in {LCF}},
  booktitle = {Proceedings of the international symposium on Semantics of data types},
  year = {1984},
  isbn = {3-540-13346-1},
  location = {Sophia-Antipolis, France},
  pages = {197--214},
  numpages = {18},
  url = {http://portal.acm.org/citation.cfm?id=1096.1105},
  acmid = {1105},
  publisher = {Springer-Verlag New York, Inc.},
  address = {New York, NY, USA},
} 

@article{hol+lcf,
  author = {Olaf M\"uller and Tobias Nipkow and Oheimb, David von and Oskar Slotosch},
  title = {{HOLCF = HOL + LCF}},
  journal = {Journal of Functional Programming},
  volume = 9,
  pages = {191--223},
  year = 1999
}

@phdthesis{mueller98thesis,
  author = {Olaf M{\"u}ller},
  title = {A Verification Environment for I/O Automata Based on Formalized Meta-Theory},
  school = {Technische Universit\"{a}t M\"{u}nchen},
  year = {1998}
}

@book{isabelle-tutorial,
  author = {Tobias Nipkow and Lawrence C. Paulson and Markus Wenzel},
  title = {Isabelle/HOL --- A Proof Assistant for Higher-Order Logic},
  publisher = {Springer},
  series = {LNCS},
  volume = 2283,
  year = 2002,
  onlineversion = {isabelle.in.tum.de/doc/tutorial.pdf}
}

@misc{isabelle-classes,
  author = {Florian Haftmann},
  title = {Haskell-style type classes with {Isabelle}/{Isar}},
  month = {June},
  year = {2010},
  howpublished = {\url{http://isabelle.in.tum.de/doc/classes.pdf}}
}

@phdthesis{agerholm94thesis,
  author = {Sten Agerholm},
  title = {A HOL Basis for Reasoning about Functional Programs},
  school = {University of Aarhus, BRICS Department of Computer Science},
  year = {1994}
}

@phdthesis{regensburger94thesis,
  author = {Franz Regensburger},
  title = {HOLCF: Eine konservative Erweiterung von HOL um LCF},
  school = {Technische Universit\"{a}t M\"{u}nchen},
  year = {1994}
}

@inproceedings{regensburger95holcf,
  author = {Franz Regensburger},
  title = {{HOLCF}: Higher Order Logic of Computable Functions},
  booktitle = {Proceedings of the 8th International Workshop on Higher Order Logic Theorem Proving and Its Applications},
  editor = {E. T. Schubert and P. J. Windley and J. Alves-Foss},
  series = {LNCS},
  volume = {971},
  pages = {293--307},
  isbn = {3-540-60275-5},
  publisher = {Springer-Verlag},
  address = {Aspen Grove, Utah},
  year = {1995}
}

@incollection{abramsky94domain,
  author = "Samson Abramsky and Achim Jung",
  title = "Domain Theory",
  booktitle = "Handbook of Logic in Computer Science Volume 3",
  publisher = "Oxford University Press",
  editor = "S. Abramsky and D. Gabbay and T. S. E. Maibaum",
  pages = "1--168",
  year = "1994",
  url = "citeseer.ist.psu.edu/abramsky94domain.html"
}

@article{Gibbons2005,
  author = "Jeremy Gibbons and Graham Hutton",
  title = "Proof Methods for Corecursive Programs",
  journal = "Fundamenta Informaticae Special Issue on Program Transformation",
  publisher = "IOS Press",
  volume = 66,
  number = 4,
  pages = "353-366",
  month = "April--May",
  year = 2005
}

Chapter 3: Fixrec

@book{PeytonJones87implementation,
  author = {Peyton Jones, Simon L.},
  title = {The Implementation of Functional Programming Languages (Prentice-Hall International Series in Computer Science)},
  year = {1987},
  isbn = {013453333X},
  publisher = {Prentice-Hall, Inc.},
  address = {Upper Saddle River, NJ, USA},
}

@incollection{Wadler87efficient,
  author = {Wadler, Philip},
  title = {Efficient Compilation of Pattern-Matching},
  editor = {Peyton Jones, Simon L.},
  booktitle = {The Implementation of Functional Programming Languages (Prentice-Hall International Series in Computer Science)},
  chapter = {5},
  pages = {78--103},
  year = {1987},
  isbn = {013453333X},
  publisher = {Prentice-Hall, Inc.},
  address = {Upper Saddle River, NJ, USA},
}

@INPROCEEDINGS{Harrison02finecontrol,
  author = {William Harrison and Tim Sheard and James Hook},
  title = {Fine Control of Demand in {H}askell},
  booktitle = {6th International Conference on the Mathematics of Program Construction, Dagstuhl},
  year = {2002},
  pages = {68--93},
  publisher = {Springer}
}

@INPROCEEDINGS{Slind96recdef,
  author = {Konrad Slind},
  affiliation = {Technische Universit\"at M\"unchen, Institut f√ºr Informatik},
  title = {Function definition in higher-order logic},
  booktitle = {Proceedings of the 9th International Conference on Theorem Proving in Higher Order Logics (TPHOLs '96)},
  editor = {Goos, Gerhard and Hartmanis, Juris and van Leeuwen, Jan and von Wright, Joakim and Grundy, Jim and Harrison, John},
  series = {LNCS},
  volume = {1125},
  year = {1996},
  isbn = {3-540-61587-3},
  pages = {381--397},
  publisher = {Springer}
}

@mastersthesis{Telfer04,
  author = {Amber Telfer},
  title = {Fixrec},
  school = {Oregon Health and Science University, OGI School of Science and Engineering},
  year = {2004},
}

@inproceedings{WW07,
  author = {Wenzel, Makarius and Wolff, Burkhart},
  title = {Building formal method tools in the {Isabelle/Isar} framework},
  booktitle = {Proceedings of the 20th International Conference on Theorem Proving in Higher Order Logics (TPHOLs '07)},
  editor = {Schneider, Klaus and Brandt, Jens},
  series = {LNCS},
  volume = {4732},
  isbn = {3-540-74590-4, 978-3-540-74590-7},
  location = {Kaiserslautern, Germany},
  pages = {352--367},
  numpages = {16},
  url = {http://portal.acm.org/citation.cfm?id=1792233.1792259},
  acmid = {1792259},
  publisher = {Springer-Verlag},
  address = {Berlin, Heidelberg},
  year = {2007},
} 

@article{Krauss10a,
  author = {Alexander Krauss},
  title = {Partial and nested recursive function definitions in higher-order logic},
  journal = {Journal of Automated Reasoning},
  volume = {44},
  number = {4},
  month = {April},
  year = {2010},
  issn = {0168-7433},
  pages = {303--336},
  doi = {http://dx.doi.org/10.1007/s10817-009-9157-2},
  publisher = {Springer-Verlag},
}

@inproceedings{Krauss10b,
  author = {Alexander Krauss},
  title = {Recursive definitions of monadic functions},
  booktitle = {Workshop on Partiality and Recursion (PAR-10)},
  year = {2010},
}

Chapter 4: Domain package

@phdthesis{Oheimb97,
  author = {Oheimb, David von},
  title = {Datentypspezifikationen in Higher-Order LCF},
  school = {Technische Universit\"{a}t M\"{u}nchen},
  year = {1997}
}

@article{Pitts1994,
  author = {A.~M. Pitts},
  title = {A Co-induction Principle for Recursively Defined Domains}, 
  journal = {Theoretical Computer Science},
  volume = 124,
  year = 1994,
  pages = {195--219},
  note = {(A preliminary version of this work appeared as Cambridge Univ.
  Computer Laboratory Tech. Rept. No.~252, April 1992.)}
}

Chapter 5: Powerdomains

@book{baader1998,
  author = {Baader, Franz   and Nipkow, Tobias  },
  booktitle = {Term Rewriting and All That},
  citeulike-article-id = {376119},
  keywords = {bibtex-import, functional, programming},
  posted-at = {2005-11-02 00:24:05},
  priority = {0},
  publisher = {Cambridge University Press},
  title = {Term Rewriting and All That},
  url = {http://www4.informatik.tu-muenchen.de/~nipkow/TRaAT/},
  year = {1998}
}

@inproceedings{KWP99locales,
  author = {Kamm\"{u}ller, Florian and Wenzel, Markus and Paulson, Lawrence C.},
  title = {Locales: A Sectioning Concept for {I}sabelle},
  booktitle = {Proceedings of the 12th International Conference on Theorem Proving in Higher Order Logics (TPHOLs '99)},
  series = {LNCS},
  volume = {1690},
  year = {1999},
  isbn = {3-540-66463-7},
  pages = {149--166},
  publisher = {Springer-Verlag},
}

@inproceedings{Ballarin10,
  author = {Clemens Ballarin},
  title = {Tutorial to Locales and Locale Interpretation},
  booktitle = {Contribuciones Cient\'ificas en honor de Mirian Andr\'es},
  editor = {L. Lamb\'an and A. Romero and J. Rubio},
  year = {2010},
  pages = {1--17},
  institution = {Servicio de Publicaciones de la Universidad de La Rioja},
  address = {Logro\~no, Spain},
}

@inproceedings{Nipkow05,
  author = {Tobias Nipkow and Lawrence C. Paulson},
  title = {Proof Pearl: Defining Functions Over Finite Sets},
  booktitle = {Theorem Proving in Higher Order Logics (TPHOLs 2005)},
  editor = {Joe Hurd and Tom Melham},
  publisher = {Springer},
  series = {LNCS},
  volume = 3603,
  pages = {385--396},
  year = 2005
}

@inproceedings{ huffman08powerdomain,
  author = {Brian Huffman},
  title = {Reasoning with Powerdomains in {Isabelle/HOLCF}},
  booktitle = {Theorem Proving in Higher-Order Logics (TPHOLs 2008): Emerging Trends},
  editor = {Otmane Ait Mohamed and C\'{e}sar Mu{\~{n}}oz and Sofi\`{e}ne Tahar},
  year = {2008},
  pages = {45--56},
  institution = {Concordia University},
}

@inproceedings{PJ++99,
  author = {Peyton Jones, Simon and Reid, Alastair and Henderson, Fergus and Hoare, Tony and Marlow, Simon},
  title = {A semantics for imprecise exceptions},
  booktitle = {Proceedings of the ACM SIGPLAN 1999 conference on Programming language design and implementation},
  series = {PLDI '99},
  year = {1999},
  isbn = {1-58113-094-5},
  location = {Atlanta, Georgia, United States},
  pages = {25--36},
  numpages = {12},
  url = {http://doi.acm.org/10.1145/301618.301637},
  doi = {http://doi.acm.org/10.1145/301618.301637},
  acmid = {301637},
  publisher = {ACM},
  address = {New York, NY, USA},
}

@inproceedings{thiemann95towards,
  author = "Peter Thiemann",
  title = "Towards a Denotational Semantics for Concurrent State Transformers",
  editor = "Takeichi, Masato",
  booktitle = "Fuji Workshop on Functional and Logic Programming",
  address = "Fuji Susono, Japan",
  month = "July",
  year = "1995",
  pages = "19--33",
  publisher = "World Scientific Press, Singapore",
  url = "http://www.informatik.uni-freiburg.de/~thiemann/papers/"
}

Chapter 6: Universal domain

@article{gunter87universal,
  author = {Gunter,, Carl A.},
  title = {Universal profinite domains},
  journal = {Information and Computation},
  volume = {72},
  number = {1},
  year = {1987},
  issn = {0890-5401},
  pages = {1--30},
  doi = {http://dx.doi.org/10.1016/0890-5401(87)90048-4},
  publisher = {Academic Press, Inc.},
  address = {Duluth, MN, USA},
}

@incollection{ gunter90semantic,
  editor = {van Leeuwen, Jan},
  author = {Carl A. Gunter and Dana S. Scott},
  title = {Semantic Domains},
  booktitle = {Handbook of Theoretical Computer Science, Volume B: Formal Models and Semantics (B)},
  pages = {633--674},
  year = {1990},
  publisher = {MIT Press},
  isbn = {0-444-88074-7},
}

@book{ gunter92semantics,
  author = "Carl A. Gunter",
  title = "Semantics of Programming Languages: Structures and Techniques",
  publisher = "MIT Press",
  series  = "Foundations of Computing",
  year = "1992"
}

@inproceedings{melham89automating,
  author = {Thomas F. Melham},
  title = {Automating recursive type definitions in higher order logic},
  booktitle = {Current Trends in Hardware Verification and Automated Theorem Proving},
  pages = {341--386},
  publisher = {Springer-Verlag},
  year = {1989}
}

@article{paulson97mechanizing,
  author = {Lawrence C. Paulson},
  title = {Mechanizing coinduction and corecursion in higher-order logic},
  journal = {Journal of Logic and Computation},
  year = {1997},
  volume = {7}
}

@inproceedings{bw99inductivedatatypes,
  author = {Berghofer,, Stefan and Wenzel,, Markus},
  title = {Inductive Datatypes in {HOL} - Lessons Learned in Formal-Logic Engineering},
  booktitle = {Proceedings of the 12th International Conference on Theorem Proving in Higher Order Logics (TPHOLS '99)},
  isbn = {3-540-66463-7},
  pages = {19--36},
  publisher = {Springer-Verlag},
  address = {London, UK},
  year = {1999},
}

@inproceedings{ bkv2009coq,
  author = {Nick Benton and Andrew Kennedy and Carsten Varming},
  title = {Some Domain Theory and Denotational Semantics in {Coq}},
  booktitle = {Proceedings of the 22nd International Conference on Theorem Proving in Higher Order Logics (TPHOLs '09)},
  editor = {Stefan Berghofer and Tobias Nipkow and Christian Urban and Makarius Wenzel},
  series = {LNCS},
  volume = {5674},
  year = {2009},
  publisher = {Springer}
}

@misc{Scott08,
  author = {Dana Scott},
  title = {Semilattices and Domains},
  howpublished = {Workshop Domains IX, Brighton, UK, \url{http://www.informatics.sussex.ac.uk/events/domains9}},
  location = {Brighton, UK},
  month = {September},
  year = {2008},
}

@inproceedings{bird98nested,
  author = {Bird,, Richard S. and Meertens,, Lambert G. L. T.},
  title = {Nested Datatypes},
  booktitle = {MPC '98: Proceedings of the Mathematics of Program Construction},
  year = {1998},
  isbn = {3-540-64591-8},
  pages = {52--67},
  publisher = {Springer-Verlag},
  address = {London, UK},
}

@book{amadio+curien,
  author = {Amadio,, Roberto M. and Curien,, Pierre-Louis},
  title = {Domains and Lambda-Calculi},
  year = {1998},
  isbn = {0-521-62277-8},
  publisher = {Cambridge University Press},
  address = {New York, NY, USA},
}

@inproceedings{system-fc,
  author = {Sulzmann,, Martin and Chakravarty,, Manuel M. T. and Peyton~Jones,, Simon and Donnelly,, Kevin},
  title = {System {F} with type equality coercions},
  booktitle = {TLDI '07: Proceedings of the 2007 ACM SIGPLAN international workshop on Types in languages design and implementation},
  isbn = {1-59593-393-X},
  pages = {53--66},
  location = {Nice, Nice, France},
  doi = {http://doi.acm.org/10.1145/1190315.1190324},
  publisher = {ACM},
  address = {New York, NY, USA},
  year = {2007},
 }

@inproceedings{ huffman09universal,
  author = {Brian Huffman},
  title = {A Purely Definitional Universal Domain},
  booktitle = {Proceedings of the 22nd International Conference on Theorem Proving in Higher Order Logics (TPHOLs '09)},
  editor = {Stefan Berghofer and Tobias Nipkow and Christian Urban and Makarius Wenzel},
  series = {LNCS},
  volume = {5674},
  year = {2009},
  pages = {260--275},
  publisher = {Springer}
}

Chapter 7: Stream fusion

@article{Hutton01,
  author = {Graham Hutton and Jeremy Gibbons},
  title = {The Generic Approximation Lemma},
  journal = {Information Processing Letters},
  volume = {79},
  number = {4},
  pages = {197--201},
  month = {August},
  year = {2001},
}

@inproceedings{dghj06fastloose,
  author = {Nils Anders Danielsson and Jeremy Gibbons and John Hughes and Patrik Jansson},
  title = {Fast and Loose Reasoning is Morally Correct},
  booktitle = {POPL '06: Proceedings of the 33rd ACM SIGPLAN-SIGACT Symposium on Principles of Programming Languages},
  isbn = {1-59593-027-2},
  publisher = {ACM},
  doi = {http://doi.acm.org/10.1145/1111037.1111056},
  pages = {206--217},
  month = {Jan},
  year = {2006},
}

@incollection{Gibbons08,
  title = {Unfolding Abstract Datatypes},
  author = {Jeremy Gibbons},
  affiliation = {Oxford University Computing Laboratory},
  booktitle = {Mathematics of Program Construction},
  editor = {Audebaud, Philippe and Paulin-Mohring, Christine},
  series = {Lecture Notes in Computer Science},
  volume = {5133},
  pages = {110-133},
  publisher = {Springer},
  month = {July},
  year = {2008},
  url = {http://dx.doi.org/10.1007/978-3-540-70594-9_8},
}
% url = "http://www.comlab.ox.ac.uk/jeremy.gibbons/publications/adt.pdf",

@inproceedings{Wadler89Free,
  author = {Philip Wadler},
  title = {Theorems for free!},
  booktitle = {Functional Programming Languages and Computer Architecture},
  year = {1989},
  pages = {347--359},
  publisher = {ACM Press}
}

@article{Johann03,
  author = {Johann, Patricia},
  title = {Short cut fusion is correct},
  journal = {Journal of Functional Programming},
  volume = {13},
  number = {4},
  year = {2003},
  issn = {0956-7968},
  pages = {797--814},
  doi = {http://dx.doi.org/10.1017/S0956796802004409},
  publisher = {Cambridge University Press},
  address = {New York, NY, USA},
}

@inproceedings{JV04,
  author = {Johann, Patricia and Voigtl\"{a}nder, Janis},
  title = {Free theorems in the presence of seq},
  booktitle = {POPL '04: Proceedings of the 31st ACM SIGPLAN-SIGACT Symposium on Principles of Programming Languages},
  year = {2004},
  isbn = {1-58113-729-X},
  pages = {99--110},
  location = {Venice, Italy},
  doi = {http://doi.acm.org/10.1145/964001.964010},
  publisher = {ACM},
  address = {New York, NY, USA},
}

@article{JV06,
  author  = {Patricia Johann and Janis Voigtl\"ander},
  title   = {The Impact of $\mathit{seq}$ on Free Theorems-Based Program Transformations},
  journal = {Fundamenta Informaticae},
  volume  = {69}, 
  number  = {1--2},
  pages   = {63-102},
  year    = {2006},
  publisher = {IOS Press},
}

@inproceedings{Svenningsson02,
  author = {Svenningsson, Josef},
  series = {ICFP '02},
  title = {Shortcut fusion for accumulating parameters \& zip-like functions},
  booktitle = {Proceedings of the seventh ACM SIGPLAN International Conference on Functional Programming},
  location = {Pittsburgh, PA, USA},
  year = {2002},
  pages = {124--132},
  doi = {http://doi.acm.org/10.1145/583852.581491},
  publisher = {ACM},
  address = {New York, NY, USA},
}

@inproceedings{ShortCut93,
  author = {Andrew Gill and John Launchbury and Simon Peyton~Jones},
  title = {A short cut to deforestation},
  booktitle = {FPCA '93: Proceedings of the conference on Functional Programming Languages and Computer Architecture},
  year = {1993},
  isbn = {0-89791-595-X},
  pages = {223--232},
  location = {Copenhagen, Denmark},
  doi = {http://doi.acm.org/10.1145/165180.165214},
  publisher = {ACM Press},
  address = {New York, NY, USA},
  abstract = {Lists are often used as "glue" to connect separate parts of a program together. We propose an automatic technique for improving the efficiency of such programs, by removing many of these intermediate lists, based on a single, simple, local transformation. We have implemented the method in the Glasgow Haskell compiler.},
  cited = {273}
}

@inproceedings{stream-fusion,
  author = {Duncan Coutts and Roman Leshchinskiy and Don Stewart},
  title  = {Stream Fusion: From Lists to Streams to Nothing at All},
  booktitle = {Proceedings of the ACM SIGPLAN International Conference on Functional Programming, ICFP 2007},
  year   = 2007,
  month  = apr,
}

@book{BirdWadler1988,
  author = {Richard Bird and Philip Wadler},
  edition = 1,
  title = {Introduction to Functional Programming},
  publisher = {Prentice Hall},
  year = 1988,
  isbn = {O134841891}
}

@book{Bird1998Introduction,
  author = {Richard Bird},
  edition = {2nd},
  pages = 448,
  publisher = {Prentice Hall PTR},
  title = {Introduction to Functional Programming using Haskell},
  year = 1998,
  keywords = {haskell},
  isbn = {0134843460},
  month = May
}

@inproceedings{Haskabelle,
  author = {Haftmann, Florian},
  title = {From higher-order logic to {H}askell: there and back again},
  booktitle = {PEPM '10: Proceedings of the 2010 ACM SIGPLAN workshop on Partial evaluation and program manipulation},
  year = {2010},
  isbn = {978-1-60558-727-1},
  pages = {155--158},
  location = {Madrid, Spain},
  doi = {http://doi.acm.org/10.1145/1706356.1706385},
  publisher = {ACM},
  address = {New York, NY, USA},
}

@phdthesis{Coutts2010Thesis,
  author = "Duncan Coutts",
  title = "Stream Fusion: Practical shortcut fusion for co-inductive sequence types",
  school = "University of Oxford",
  year = "2010",
}

Chapter 8: Monad transformers

@inproceedings{LHJ95,
  author = {Sheng Liang and Paul Hudak and Mark P. Jones},
  title = {Monad Transformers and Modular Interpreters},
  booktitle = {POPL '95: Proceedings of the 22nd ACM SIGPLAN-SIGACT Symposium on Principles of Programming Languages},
  address = {San Francisco, CA},
  month = {January},
  year = {1995}
}

@inproceedings{Papaspyrou01,
  author = {Nikolaos S. Papaspyrou},
  title = {A Resumption Monad Transformer and its Applications in the Semantics of Concurrency},
  booktitle = {Proceedings of the 3rd Panhellenic Logic Symposium},
  address = {Anogia, Greece},
  month = {July},
  year = {2001}
}

@techreport{Papaspyrou2001tech,
  author = {Nikolaos S. Papaspyrou},
  title = {A Resumption Monad Transformer and its Applications in the Semantics of Concurrency},
  number = {CSD-SW-TR-2-01},
  institution = {National Technical University of Athens, School of Electrical and Computer Engineering, Software Engineering Laboratory},
  year = {2001}
}

@article{McBride08,
  author = {Conor McBride and Ross Paterson},
  title = {Applicative Programming with Effects},
  journal = {Journal of Functional Programming},
  volume = {18},
  number = {1},
  pages = {1--13},
  year = 2008
}

@techreport{Moggi89,
  author = {Eugenio Moggi},
  title = {An Abstract View of Programming Languages},
  institution = {University of Edinburgh},
  number = {ECS-LFCS-90-113},
  month = jun,
  year = {1989},
  url = {http://www.disi.unige.it/person/MoggiE/ftp/abs-view.ps.gz}
}

Conclusion

@inproceedings{Gill06HERA,
  author = {Andy Gill},
  title = {Introducing the {H}askell {E}quational {R}easoning {A}ssistant},
  booktitle = {Proceedings of the 2006 ACM SIGPLAN {W}orkshop on Haskell},
  year = {2006},
  pages = {108--109},
  isbn = {1-59593-489-8},
  location = {Portland, Oregon, USA},
  publisher = {ACM Press},
  abstract = {We introduce the new, improved version of the Haskell Equational Reasoning Assistant, which consists of an Ajax application for rewriting Haskell fragments in their context, and an API for scripting non-trivial rewrites.},
  what = {Invited Demo}
}

@inproceedings{Xu06,
  author = {Xu, Dana N.},
  title = {Extended static checking for {H}askell},
  booktitle = {Proceedings of the 2006 ACM SIGPLAN workshop on Haskell},
  series = {Haskell '06},
  year = {2006},
  isbn = {1-59593-489-8},
  location = {Portland, Oregon, USA},
  pages = {48--59},
  numpages = {12},
  url = {http://doi.acm.org/10.1145/1159842.1159849},
  doi = {http://doi.acm.org/10.1145/1159842.1159849},
  acmid = {1159849},
  publisher = {ACM},
  address = {New York, NY, USA},
  keywords = {counterexample guided unrolling, pre/postcondition, symbolic simplification},
}

@inproceedings{Mitchell2008,
  title = {Not All Patterns, But Enough -- an automatic verifier for partial but sufficient pattern matching},
  author = {Neil Mitchell and Colin Runciman},
  year = {2008},
  month = {September},
  day = {25},
  booktitle = {Haskell '08: Proceedings of the first ACM SIGPLAN symposium on Haskell},
  pages = {49--60},
  location = {Victoria, BC, Canada},
  doi = {http://doi.acm.org/10.1145/1411286.1411293},
  publisher = {ACM},
  isbn = {978-1-60558-064-7},
  url = {http://community.haskell.org/~ndm/downloads/paper-not_all_patterns_but_enough-25_sep_2008.pdf},
}

@article{Milner78,
  author = {Robin Milner},
  title = {A theory of type polymorphism in programming},
  journal = {Journal of Computer and System Sciences},
  year = {1978},
  volume = {17},
  pages = {348--375}
}

@inproceedings{Mol01,
  author = {Maarten De Mol and Marko Van Eekelen and Rinus Plasmeijer},
  title = {Theorem proving for functional programmers -- {S}parkle: A functional theorem prover},
  booktitle = {The 13th International Workshop on Implementation of Functional Languages, IFL 2001, Selected Papers},
  series = {LNCS},
  volume = {2312},
  year = {2001},
  pages = {55--72},
  publisher = {Springer}
}

Other sources


@inproceedings{ huffman05axiomatic,
  author = {Brian Huffman and John Matthews and Peter White},
  title = {Axiomatic constructor classes in {Isabelle/HOLCF}},
  booktitle = {Proceedings of the 18th International Conference on Theorem Proving in Higher Order Logics (TPHOLs '05)},
  editor = {Joe Hurd and Tom Melham},
  series = {LNCS},
  volume = {3603},
  year = {2005},
  pages = {147--162},
  publisher = {Springer}
}

@incollection{ afp09,
  author =       {Brian Huffman},
  title =        {Stream Fusion},
  booktitle =    {The Archive of Formal Proofs},
  editor =       {Gerwin Klein and Tobias Nipkow and Lawrence Paulson},
  publisher =    {\url{http://afp.sf.net/entries/Stream-Fusion.shtml}},
  month =        Apr,
  year =         2009,
  note =         {Formal proof development},
  ISSN =         {2150-914x}
}

@inproceedings{pfenning90,
 author = {Pfenning,, Frank and Paulin-Mohring,, Christine},
 title = {Inductively defined types in the calculus of constructions},
 booktitle = {Proceedings of the fifth international conference on Mathematical foundations of programming semantics},
 year = {1990},
 isbn = {0-387-97375-3},
 pages = {209--226},
 location = {New Orleans, Louisiana, United States},
 publisher = {Springer-Verlag New York, Inc.},
 address = {New York, NY, USA},
 }

@inproceedings{paulinmohring93,
  author = {Paulin-Mohring,, Christine},
  title = {Inductive Definitions in the system {Coq} - Rules and Properties},
  booktitle = {TLCA '93: Proceedings of the International Conference on Typed Lambda Calculi and Applications},
  year = {1993},
  isbn = {3-540-56517-5},
  pages = {328--345},
  publisher = {Springer-Verlag},
  address = {London, UK},
}

@inproceedings{gunter94broader,
  author = {Elsa L. Gunter},
  title = {A broader class of trees for recursive type definitions for {HOL}},
  booktitle = {Higher Order Logic Theorem Proving and Its Applications},
  series = {LNCS},
  volume = {780},
  pages = {141--154},
  publisher = {Springer},
  year = {1994}
}

@inproceedings{paulson94fixedpoint,
  author = {Lawrence C. Paulson},
  title = {A Fixedpoint Approach to Implementing (Co)Inductive Definitions},
  booktitle = {Automated Deduction --- {CADE}-12},
  editor = {Alan Bundy},
  pages = {148-161},
  publisher = {Springer},
  series = {LNAI 814},
  year = {1994}
}

@inproceedings{system-fc,
  author = {Sulzmann,, Martin and Chakravarty,, Manuel M. T. and Jones,, Simon Peyton and Donnelly,, Kevin},
  title = {System {F} with type equality coercions},
  booktitle = {TLDI '07: Proceedings of the 2007 ACM SIGPLAN international workshop on Types in languages design and implementation},
  isbn = {1-59593-393-X},
  pages = {53--66},
  location = {Nice, Nice, France},
  doi = {http://doi.acm.org/10.1145/1190315.1190324},
  publisher = {ACM},
  address = {New York, NY, USA},
  year = {2007},
 }

@article{ plotkin76powerdomain,
  author    = {Gordon D. Plotkin},
  title     = {A Powerdomain Construction},
  journal   = {SIAM J. Comput.},
  volume    = {5},
  number    = {3},
  year      = {1976},
  pages     = {452-487},
  bibsource = {DBLP, http://dblp.uni-trier.de}
}

@inproceedings{ wenzel97typeclass,
  author = "Markus Wenzel",
  title = "Type Classes and Overloading in Higher-Order Logic",
  booktitle = "Proceedings of the 10th International Conference on Theorem Proving in Higher Order Logics ({TPHOLs}'97)",
  address = "Murray Hill, New Jersey",
  editor = "E. Gunter and A. Felty",
  pages = "307--322",
  year = "1997",
  url = "citeseer.ist.psu.edu/wenzel97type.html"
}

@article{ kahn93concretedomains,
  author = {Gilles Kahn and Inria Sophia Antipolis and Gordon D. Plotkin and George Gratzer},
  title = {Concrete domains},
  journal = {Theoretical Computer Science},
  year = {1993},
  volume = {121},
  pages = {121--1}
}

@InProceedings{ABL86,
  author = {Roberto M. Amadio and Kim B. Bruce and Giuseppe Longo},
  title = {The Finitary Projection Model for Second Order Lambda Calculus and Solutions to Higher Order Domain Equations},
  booktitle = {Proceedings of the First Annual IEEE Symp. on Logic in Computer Science, {LICS} 1986},
  year = 1986,
  editor = {Albert Meyer},
  month = {June}, 
  pages = {122--130},
  location = {Cambridge, MA, USA}, 
  publisher = {IEEE Computer Society Press}
}

@phdthesis{gunter85thesis,
  author = {Carl Gunter},
  title = {Profinite Solutions for Recursive Domain Equations},
  school = {University of Wisconsin at Madison},
  year = {1985}
}

@inproceedings{cls07streamfusion,
  author = {Duncan Coutts and Roman Leshchinskiy and Don Stewart},
  title  = {Stream Fusion: From Lists to Streams to Nothing at All},
  booktitle = {Proceedings of the ACM SIGPLAN International Conference on Functional Programming, ICFP 2007},
  year   = 2007,
  month  = apr,
}

@inproceedings{glpj93shortcut,
  author = {Andrew Gill and John Launchbury and Simon Peyton~Jones},
  title = {A short cut to deforestation},
  booktitle = {FPCA '93: Proceedings of the conference on Functional Programming Languages and Computer Architecture},
  year = {1993},
  isbn = {0-89791-595-X},
  pages = {223--232},
  location = {Copenhagen, Denmark},
  doi = {http://doi.acm.org/10.1145/165180.165214},
  publisher = {ACM Press},
  address = {New York, NY, USA},
  abstract = {Lists are often used as "glue" to connect separate parts of a program together. We propose an automatic technique for improving the efficiency of such programs, by removing many of these intermediate lists, based on a single, simple, local transformation. We have implemented the method in the Glasgow Haskell compiler.},
  cited = {273}
}

@TechReport{BDvH+96,
  author = "F. Bartels and A. Dold and F. W. v. Henke and H. Pfeifer and H. Rue{\ss}",
  title = "{Formalizing Fixed-Point Theory in PVS}",
  institution =  "Universit{\"a}t Ulm, Fakult{\"a}t f{\"u}r Informatik",
  year = "1996",
  number = "96-10",
  type = "Ulmer Informatik-Berichte"
}

@article{ papaspyrou00study,
  author = "Nikolaos Papaspyrou and Dragan Macos",
  title = "A study of evaluation order semantics in expressions with side effects",
  journal = "Journal of Functional Programming",
  volume = "10",
  number = "3",
  pages = "227-244",
  year = "2000",
  url = "citeseer.ist.psu.edu/papaspyrou00study.html"
}

@article{gunter92mixed,
  author = {Carl A. Gunter},
  title = {The mixed powerdomain},
  journal = {Theor. Comput. Sci.},
  volume = {103},
  number = {2},
  year = {1992},
  issn = {0304-3975},
  pages = {311--334},
  doi = {http://dx.doi.org/10.1016/0304-3975(92)90017-A},
  publisher = {Elsevier Science Publishers Ltd.},
  address = {Essex, UK},
 }

@phdthesis{ reus96program,
  author = "Bernhard Reus",
  title = "Program Verification in Synthetic Domain Theory",
  address = "Aachen",
  year = "1996",
  url = "citeseer.ist.psu.edu/reus95program.html"
}

@inproceedings{ reus96synthetic,
  author = {Bernhard Reus},
  title = {Synthetic Domain Theory in Type Theory: Another Logic of Computable Functions},
  booktitle = {Proceedings of the 9th International Conference on Theorem Proving in Higher Order Logics (TPHOLs '96)},
  editor = {Goos, Gerhard and Hartmanis, Juris and van Leeuwen, Jan and von Wright, Joakim and Grundy, Jim and Harrison, John},
  series = {LNCS},
  volume = {1125},
  year = {1996},
  isbn = {3-540-61587-3},
  pages = {365--380},
  publisher = {Springer-Verlag},
  address = {London, UK},
}

@inproceedings{Gimenez1995,
  author = {Gim\'{e}nez, Eduardo},
  title = {An Application of Co-inductive Types in {Coq}: Verification of the Alternating Bit Protocol},
  booktitle = {Selected papers from the International Workshop on Types for Proofs and Programs},
  series = {TYPES '95},
  year = {1996},
  isbn = {3-540-61780-9},
  pages = {135--152},
  numpages = {18},
  url = {http://dl.acm.org/citation.cfm?id=646536.695862},
  acmid = {695862},
  publisher = {Springer-Verlag},
  address = {London, UK},
}
