@TechReport{BDvH+96,
  author = "F. Bartels and A. Dold and F. W. v. Henke and H. Pfeifer and H. Rue{\ss}",
  title = "{Formalizing Fixed-Point Theory in PVS}",
  institution =  "Universit{\"a}t Ulm, Fakult{\"a}t f{\"u}r Informatik",
  year = "1996",
  number = "96-10",
  type = "Ulmer Informatik-Berichte"
}

@inproceedings{ regensburger95holcf,
  author = "Franz Regensburger",
  title = "{HOLCF}: {Higher} {Order} {Logic} of {Computable} {Functions}",
  booktitle = "Proceedings of the 8th International Workshop on Higher Order Logic Theorem Proving and Its Applications",
  publisher = "Springer-Verlag LNCS 971",
  address = "Aspen Grove, Utah",
  editor = "E. T. Schubert and P. J. Windley and J. Alves-Foss",
  year = "1995",
  url = "citeseer.ist.psu.edu/regensburger95holcf.html"
}

@article{MuellerNvOS99,
  author = {Olaf M\"uller and Tobias Nipkow and Oheimb, David von and Oskar Slotosch},
  title = {{HOLCF = HOL + LCF}},
  journal = {Journal of Functional Programming},
  volume = 9,
  pages = {191--223},
  year = 1999
}

@incollection{ abramsky94domain,
  author = "Samson Abramsky and Achim Jung",
  title = "Domain Theory",
  booktitle = "Handbook of Logic in Computer Science Volume 3",
  publisher = "Oxford University Press",
  editor = "S. Abramsky and D. Gabbay and T. S. E. Maibaum",
  pages = "1--168",
  year = "1994",
  url = "citeseer.ist.psu.edu/abramsky94domain.html"
}

@book{baader1998,
  author = {Baader, Franz   and Nipkow, Tobias  },
  booktitle = {Term Rewriting and All That},
  citeulike-article-id = {376119},
  keywords = {bibtex-import, functional, programming},
  posted-at = {2005-11-02 00:24:05},
  priority = {0},
  publisher = {Cambridge University Press},
  title = {Term Rewriting and All That},
  url = {http://www4.informatik.tu-muenchen.de/~nipkow/TRaAT/},
  year = {1998}
}

@book{bird98introduction,
  title = {Introduction to Functional Programming using Haskell},
  author = {Richard Bird},
  edition = {2},
  month = {May},
  pages = {448},
  publisher = {Prentice Hall PTR},
  year = {1998},
  isbn = {0134843460},
  keywords = {haskell }
}

@article{ papaspyrou00study,
  author = "Nikolaos Papaspyrou and Dragan Macos",
  title = "A study of evaluation order semantics in expressions with side effects",
  journal = "Journal of Functional Programming",
  volume = "10",
  number = "3",
  pages = "227-244",
  year = "2000",
  url = "citeseer.ist.psu.edu/papaspyrou00study.html"
}

@article{gunter92mixed,
  author = {Carl A. Gunter},
  title = {The mixed powerdomain},
  journal = {Theor. Comput. Sci.},
  volume = {103},
  number = {2},
  year = {1992},
  issn = {0304-3975},
  pages = {311--334},
  doi = {http://dx.doi.org/10.1016/0304-3975(92)90017-A},
  publisher = {Elsevier Science Publishers Ltd.},
  address = {Essex, UK},
 }

@book{ gunter92semantics,
  author = "Carl A. Gunter",
  title = "Semantics of Programming Languages: Structures and Techniques",
  publisher = "MIT Press",
  series  = "Foundations of Computing",
  year = "1992"
}

@incollection{ gunter90semantic,
  author = "Carl A. Gunter and Dana S. Scott",
  title = "Semantic Domains",
  booktitle = "Handbook of Theoretical Computer Science, Volume B: Formal Models and Semantics (B)",
  pages = "633-674",
  year = "1990",
  url = "citeseer.ist.psu.edu/gunter90semantic.html"
}

@article{ plotkin76powerdomain,
  author    = {Gordon D. Plotkin},
  title     = {A Powerdomain Construction},
  journal   = {SIAM J. Comput.},
  volume    = {5},
  number    = {3},
  year      = {1976},
  pages     = {452-487},
  bibsource = {DBLP, http://dblp.uni-trier.de}
}

@inproceedings{ wenzel97typeclass,
  author = "Markus Wenzel",
  title = "Type Classes and Overloading in Higher-Order Logic",
  booktitle = "Proceedings of the 10th International Conference on Theorem Proving in Higher Order Logics ({TPHOLs}'97)",
  address = "Murray Hill, New Jersey",
  editor = "E. Gunter and A. Felty",
  pages = "307--322",
  year = "1997",
  url = "citeseer.ist.psu.edu/wenzel97type.html"
}

@misc{ thiemann95towards,
  author = "Peter Thiemann",
  title = "Towards a Denotational Semantics for Concurrent State Transformers",
  year = "1995",
  url = "citeseer.ist.psu.edu/thiemann95towards.html"
}

@phdthesis{ reus96program,
  author = "Bernhard Reus",
  title = "Program Verification in Synthetic Domain Theory",
  address = "Aachen",
  year = "1996",
  url = "citeseer.ist.psu.edu/reus95program.html"
}

@inproceedings{ reus96synthetic,
  author = {Bernhard Reus},
  title = {Synthetic Domain Theory in Type Theory: Another Logic of Computable Functions},
  booktitle = {TPHOLs '96: Proceedings of the 9th International Conference on Theorem Proving in Higher Order Logics},
  year = {1996},
  isbn = {3-540-61587-3},
  pages = {365--380},
  publisher = {Springer-Verlag},
  address = {London, UK},
}

@phdthesis{ gunter85thesis,
  author = "Carl A. Gunter",
  title = "FIXME title",
  address = "Anytown",
  year = "1985",
  url = "foobar"
}

@inproceedings{ kammuller99locales,
  author = {Florian Kammuller and Markus Wenzel and Lawrence C. Paulson},
  title = {Locales: A sectioning concept for Isabelle},
  booktitle = {Theorem Proving in Higher Order Logics (TPHOLs '99), LNCS 1690},
  year = {1999},
  pages = {149--165},
  publisher = {Springer}
}

@article{ kahn93concretedomains,
  author = {Gilles Kahn and Inria Sophia Antipolis and Gordon D. Plotkin and George Gratzer},
  title = {Concrete domains},
  journal = {Theoretical Computer Science},
  year = {1993},
  volume = {121},
  pages = {121--1}
}

@inproceedings{ huffman05axiomatic,
  author = {Brian Huffman and John Matthews and Peter White},
  title = {Axiomatic constructor classes in {Isabelle/HOLCF}},
  booktitle = {In Proc. 18th International Conference on Theorem Proving in Higher Order Logics (TPHOLs '05), Volume 3603 of Lecture Notes in Computer Science},
  year = {2005},
  pages = {147--162},
  publisher = {Springer}
}

@book{ paulson87lcf,
  author = {Lawrence C. Paulson},
  title = {Logic and computation: interactive proof with Cambridge LCF},
  year = {1987},
  isbn = {0-521-34632-0},
  publisher = {Cambridge University Press},
  address = {New York, NY, USA},
}
