@inproceedings{melham89automating,
  author = {Thomas F. Melham},
  title = {Automating recursive type definitions in higher order logic},
  booktitle = {Current Trends in Hardware Verification and Automated Theorem Proving},
  pages = {341--386},
  publisher = {Springer-Verlag},
  year = {1989}
}

@inproceedings{pfenning90,
 author = {Pfenning,, Frank and Paulin-Mohring,, Christine},
 title = {Inductively defined types in the calculus of constructions},
 booktitle = {Proceedings of the fifth international conference on Mathematical foundations of programming semantics},
 year = {1990},
 isbn = {0-387-97375-3},
 pages = {209--226},
 location = {New Orleans, Louisiana, United States},
 publisher = {Springer-Verlag New York, Inc.},
 address = {New York, NY, USA},
 }

@inproceedings{paulinmohring93,
  author = {Paulin-Mohring,, Christine},
  title = {Inductive Definitions in the system {Coq} - Rules and Properties},
  booktitle = {TLCA '93: Proceedings of the International Conference on Typed Lambda Calculi and Applications},
  year = {1993},
  isbn = {3-540-56517-5},
  pages = {328--345},
  publisher = {Springer-Verlag},
  address = {London, UK},
}

@inproceedings{gunter94broader,
  author = {Elsa L. Gunter},
  title = {A broader class of trees for recursive type definitions for {HOL}},
  booktitle = {Higher Order Logic Theorem Proving and Its Applications, volume 780 of LNCS},
  pages = {141--154},
  publisher = {Springer},
  year = {1994}
}

@inproceedings{paulson94fixedpoint,
  author = {Lawrence C. Paulson},
  title = {A Fixedpoint Approach to Implementing (Co)Inductive Definitions},
  booktitle = {Automated Deduction --- {CADE}-12},
  editor = {Alan Bundy},
  pages = {148-161},
  publisher = {Springer},
  series = {LNAI 814},
  year = {1994}
}

@article{paulson97mechanizing,
  author = {Lawrence C. Paulson},
  title = {Mechanizing coinduction and corecursion in higher-order logic},
  journal = {Journal of Logic and Computation},
  year = {1997},
  volume = {7}
}

@inproceedings{bw99inductivedatatypes,
  author = {Berghofer,, Stefan and Wenzel,, Markus},
  title = {Inductive Datatypes in {HOL} - Lessons Learned in Formal-Logic Engineering},
  booktitle = {TPHOLs '99: Proceedings of the 12th International Conference on Theorem Proving in Higher Order Logics},
   isbn = {3-540-66463-7},
  pages = {19--36},
  publisher = {Springer-Verlag},
  address = {London, UK},
  year = {1999},
}

@inproceedings{system-fc,
  author = {Sulzmann,, Martin and Chakravarty,, Manuel M. T. and Jones,, Simon Peyton and Donnelly,, Kevin},
  title = {System {F} with type equality coercions},
  booktitle = {TLDI '07: Proceedings of the 2007 ACM SIGPLAN international workshop on Types in languages design and implementation},
  isbn = {1-59593-393-X},
  pages = {53--66},
  location = {Nice, Nice, France},
  doi = {http://doi.acm.org/10.1145/1190315.1190324},
  publisher = {ACM},
  address = {New York, NY, USA},
  year = {2007},
 }

@inproceedings{ regensburger95holcf,
  author = "Franz Regensburger",
  title = "{HOLCF}: {Higher} {Order} {Logic} of {Computable} {Functions}",
  booktitle = "Proceedings of the 8th International Workshop on Higher Order Logic Theorem Proving and Its Applications",
  publisher = "Springer-Verlag LNCS 971",
  address = "Aspen Grove, Utah",
  editor = "E. T. Schubert and P. J. Windley and J. Alves-Foss",
  year = "1995",
  url = "citeseer.ist.psu.edu/regensburger95holcf.html"
}

@article{MuellerNvOS99,
  author = {Olaf M\"uller and Tobias Nipkow and Oheimb, David von and Oskar Slotosch},
  title = {{HOLCF = HOL + LCF}},
  journal = {Journal of Functional Programming},
  volume = 9,
  pages = {191--223},
  year = 1999
}

@incollection{ abramsky94domain,
  author = "Samson Abramsky and Achim Jung",
  title = "Domain Theory",
  booktitle = "Handbook of Logic in Computer Science Volume 3",
  publisher = "Oxford University Press",
  editor = "S. Abramsky and D. Gabbay and T. S. E. Maibaum",
  pages = "1--168",
  year = "1994",
  url = "citeseer.ist.psu.edu/abramsky94domain.html"
}

@book{baader1998,
  author = {Baader, Franz   and Nipkow, Tobias  },
  booktitle = {Term Rewriting and All That},
  citeulike-article-id = {376119},
  keywords = {bibtex-import, functional, programming},
  posted-at = {2005-11-02 00:24:05},
  priority = {0},
  publisher = {Cambridge University Press},
  title = {Term Rewriting and All That},
  url = {http://www4.informatik.tu-muenchen.de/~nipkow/TRaAT/},
  year = {1998}
}

@book{bird98introduction,
  title = {Introduction to Functional Programming using Haskell},
  author = {Richard Bird},
  edition = {2},
  month = {May},
  pages = {448},
  publisher = {Prentice Hall PTR},
  year = {1998},
  isbn = {0134843460},
  keywords = {haskell }
}

@inproceedings{bird98nested,
  author = {Bird,, Richard S. and Meertens,, Lambert G. L. T.},
  title = {Nested Datatypes},
  booktitle = {MPC '98: Proceedings of the Mathematics of Program Construction},
  year = {1998},
  isbn = {3-540-64591-8},
  pages = {52--67},
  publisher = {Springer-Verlag},
  address = {London, UK},
}

@book{ gunter92semantics,
  author = "Carl A. Gunter",
  title = "Semantics of Programming Languages: Structures and Techniques",
  publisher = "MIT Press",
  series  = "Foundations of Computing",
  year = "1992"
}

@incollection{ gunter90semantic,
  author = "Carl A. Gunter and Dana S. Scott",
  title = "Semantic Domains",
  booktitle = "Handbook of Theoretical Computer Science, Volume B: Formal Models and Semantics (B)",
  pages = "633-674",
  year = "1990",
  url = "citeseer.ist.psu.edu/gunter90semantic.html"
}

@article{ plotkin76powerdomain,
  author    = {Gordon D. Plotkin},
  title     = {A Powerdomain Construction},
  journal   = {SIAM J. Comput.},
  volume    = {5},
  number    = {3},
  year      = {1976},
  pages     = {452-487},
  bibsource = {DBLP, http://dblp.uni-trier.de}
}

@inproceedings{ wenzel97typeclass,
  author = "Markus Wenzel",
  title = "Type Classes and Overloading in Higher-Order Logic",
  booktitle = "Proceedings of the 10th International Conference on Theorem Proving in Higher Order Logics ({TPHOLs}'97)",
  address = "Murray Hill, New Jersey",
  editor = "E. Gunter and A. Felty",
  pages = "307--322",
  year = "1997",
  url = "citeseer.ist.psu.edu/wenzel97type.html"
}

@misc{ thiemann95towards,
  author = "Peter Thiemann",
  title = "Towards a Denotational Semantics for Concurrent State Transformers",
  year = "1995",
  url = "citeseer.ist.psu.edu/thiemann95towards.html"
}

@inproceedings{ kammuller99locales,
  author = {Florian Kammuller and Markus Wenzel and Lawrence C. Paulson},
  title = {Locales: A sectioning concept for Isabelle},
  booktitle = {Theorem Proving in Higher Order Logics (TPHOLs '99), LNCS 1690},
  year = {1999},
  pages = {149--165},
  publisher = {Springer}
}

@article{ kahn93concretedomains,
  author = {Gilles Kahn and Inria Sophia Antipolis and Gordon D. Plotkin and George Gratzer},
  title = {Concrete domains},
  journal = {Theoretical Computer Science},
  year = {1993},
  volume = {121},
  pages = {121--1}
}

@inproceedings{ huffman05axiomatic,
  author = {Brian Huffman and John Matthews and Peter White},
  title = {Axiomatic constructor classes in {Isabelle/HOLCF}},
  booktitle = {In Proc. 18th International Conference on Theorem Proving in Higher Order Logics (TPHOLs '05), Volume 3603 of Lecture Notes in Computer Science},
  year = {2005},
  pages = {147--162},
  publisher = {Springer}
}

@inproceedings{ huffman08powerdomain,
  author = {Brian Huffman},
  title = {Reasoning with Powerdomains in {Isabelle/HOLCF}},
  booktitle = {Theorem Proving in Higher-Order Logics (TPHOLs 2008): Emerging Trends},
  editor = {Otmane Ait Mohamed and C\'{e}sar Mu{\~{n}}oz and Sofi\`{e}ne Tahar},
  year = {2008},
  pages = {45--56},
  institution = {Concordia University},
}

@book{ paulson87lcf,
  author = {Lawrence C. Paulson},
  title = {Logic and computation: interactive proof with Cambridge LCF},
  year = {1987},
  isbn = {0-521-34632-0},
  publisher = {Cambridge University Press},
  address = {New York, NY, USA},
}

@InProceedings{ABL86,
  author = {Roberto M. Amadio and Kim B. Bruce and Giuseppe Longo},
  title = {The Finitary Projection Model for Second Order Lambda Calculus and Solutions to Higher Order Domain Equations},
  booktitle = {Proceedings of the First Annual IEEE Symp. on Logic in Computer Science, {LICS} 1986},
  year = 1986,
  editor = {Albert Meyer},
  month = {June}, 
  pages = {122--130},
  location = {Cambridge, MA, USA}, 
  publisher = {IEEE Computer Society Press}
}

@phdthesis{gunter85thesis,
  author = {Carl Gunter},
  title = {Profinite Solutions for Recursive Domain Equations},
  school = {University of Wisconsin at Madison},
  year = {1985}
}

@article{gunter87universal,
  author = {Gunter,, Carl A.},
  title = {Universal profinite domains},
  journal = {Information and Computation},
  volume = {72},
  number = {1},
  year = {1987},
  issn = {0890-5401},
  pages = {1--30},
  doi = {http://dx.doi.org/10.1016/0890-5401(87)90048-4},
  publisher = {Academic Press, Inc.},
  address = {Duluth, MN, USA},
}

@book{amadio+curien,
  author = {Amadio,, Roberto M. and Curien,, Pierre-Louis},
  title = {Domains and Lambda-Calculi},
  year = {1998},
  isbn = {0-521-62277-8},
  publisher = {Cambridge University Press},
  address = {New York, NY, USA},
}
